<record><leader>00000cas a22000007a 4500</leader><controlfield tag="001">16513671</controlfield><controlfield tag="008">870819d19461978iauwr ne      0    0eng d</controlfield><datafield ind1=" " ind2=" " tag="010"><subfield code="a">sn 87057694 </subfield></datafield><datafield ind1=" " ind2=" " tag="040"><subfield code="a">INP</subfield><subfield code="b">eng</subfield><subfield code="c">INP</subfield><subfield code="d">NSD</subfield><subfield code="d">OCLCQ</subfield></datafield><datafield ind1=" " ind2=" " tag="042"><subfield code="a">msc</subfield></datafield><datafield ind1="0" ind2="0" tag="245"><subfield code="a">Emmetsburg reporter.</subfield></datafield><datafield ind1="3" ind2="0" tag="246"><subfield code="a">Reporter and Democrat</subfield></datafield><datafield ind1="1" ind2="3" tag="246"><subfield code="a">Reporter Emmetsburg</subfield></datafield><datafield ind1=" " ind2=" " tag="260"><subfield code="a">Emmetsburg, Iowa :</subfield><subfield code="b">Emmetsburg Pub. Co.,</subfield><subfield code="c">1946-1978.</subfield></datafield><datafield ind1=" " ind2=" " tag="300"><subfield code="a">29 v.</subfield></datafield><datafield ind1=" " ind2=" " tag="310"><subfield code="a">Weekly</subfield></datafield><datafield ind1="0" ind2=" " tag="362"><subfield code="a">Vol. 73, no. 25 (June 18, 1946)-our 101st year, no. 1 (Jan. 3, 1978).</subfield></datafield><datafield ind1=" " ind2=" " tag="515"><subfield code="a">Issues for 1946-&lt;Feb. 11, 1947&gt; called also 72nd-&lt;73rd&gt; year.</subfield></datafield><datafield ind1=" " ind2=" " tag="580"><subfield code="a">Issues for Dec. 27, 1977, and Jan. 3, 1978, published in combination with the Emmetsburg Democrat, and called: The reporter and Democrat.</subfield></datafield><datafield ind1=" " ind2=" " tag="752"><subfield code="a">United States</subfield><subfield code="b">Iowa</subfield><subfield code="c">Palo Alto</subfield><subfield code="d">Emmetsburg.</subfield></datafield><datafield ind1="1" ind2=" " tag="777"><subfield code="t">Emmetsburg Democrat</subfield><subfield code="w">(DLC)sn 87057691</subfield></datafield><datafield ind1="0" ind2="0" tag="780"><subfield code="t">Emmetsburg Thursday reporter</subfield><subfield code="w">(DLC)sn 87057695</subfield></datafield><datafield ind1="0" ind2="0" tag="785"><subfield code="t">Reporter (Emmetsburg, Iowa)</subfield><subfield code="x">1042-1203</subfield><subfield code="w">(DLC)sn 87057693</subfield></datafield></record>